@article{freeling2009,
  title={Bias in plant gene content following different sorts of duplication: tandem, whole-genome, segmental, or by transposition},
  author={Freeling, Michael},
  journal={Annual Review of Plant Biology},
  volume={60},
  pages={433--453},
  year={2009},
  publisher={Annual Reviews}
}
@article{coate2016,
  title={Expression-level support for gene dosage sensitivity in three Glycine subgenus Glycine polyploids and their diploid progenitors},
  author={Coate, Jeremy E and Song, Michael J and Bombarely, Aureliano and Doyle, Jeff J},
  journal={New Phytologist},
  volume={212},
  number={4},
  pages={1083--1093},
  year={2016},
  publisher={Wiley Online Library}
}
@article{tasdighian2017,
  title={Reciprocally retained genes in the angiosperm lineage show the hallmarks of dosage balance sensitivity},
  author={Tasdighian, Setareh and Van Bel, Michiel and Li, Zhen and Van de Peer, Yves and Carretero-Paulet, Lorenzo and Maere, Steven},
  journal={The Plant Cell},
  pages={tpc--00313},
  year={2017},
  publisher={Am Soc Plant Biol}
}
@article{blanc2004,
  title={Functional divergence of duplicated genes formed by polyploidy during Arabidopsis evolution},
  author={Blanc, Guillaume and Wolfe, Kenneth H},
  journal={The Plant Cell},
  volume={16},
  number={7},
  pages={1679--1691},
  year={2004},
  publisher={Am Soc Plant Biol}
}
@article{lamesch2011,
  title={The Arabidopsis Information Resource (TAIR): improved gene annotation and new tools},
  author={Lamesch, Philippe and Berardini, Tanya Z and Li, Donghui and Swarbreck, David and Wilks, Christopher and Sasidharan, Rajkumar and Muller, Robert and Dreher, Kate and Alexander, Debbie L and Garcia-Hernandez, Margarita and others},
  journal={Nucleic Acids Research},
  volume={40},
  number={D1},
  pages={D1202--D1210},
  year={2011},
  publisher={Oxford University Press}
}
@article{yu2010,
  title={Impact of natural genetic variation on the transcriptome of autotetraploid Arabidopsis thaliana},
  author={Yu, Zheng and Haberer, Georg and Matthes, Michaela and Rattei, Thomas and Mayer, Klaus FX and Gierl, Alfons and Torres-Ruiz, Ramon A},
  journal={Proceedings of the National Academy of Sciences},
  volume={107},
  number={41},
  pages={17809--17814},
  year={2010},
  publisher={National Acad Sciences}
}
@article{liang2018,
  title={Functional divergence between subgenomes and gene pairs after whole genome duplications},
  author={Liang, Zhikai and Schnable, James C},
  journal={Molecular Plant},
  volume={11},
  number={3},
  pages={388--397},
  year={2018},
  publisher={Elsevier}
}
@article{wang2013,
  title={Different patterns of gene structure divergence following gene duplication in Arabidopsis},
  author={Wang, Yupeng and Tan, Xu and Paterson, Andrew H},
  journal={BMC Genomics},
  volume={14},
  number={1},
  pages={652},
  year={2013},
  publisher={BioMed Central}
}
@article{schlapfer2017,
  title={Genome-wide prediction of metabolic enzymes, pathways and gene clusters in plants},
  author={Schlapfer, Pascal and Zhang, Peifen and Wang, Chuan and Kim, Taehyong and Banf, Michael and Chae, Lee and Dreher, Kate and Chavali, Arvind K and Nilo-Poyanco, Ricardo and Bernard, Thomas and others},
  journal={Plant Physiology},
  pages={pp--01942},
  year={2017},
  publisher={Am Soc Plant Biol}
}
@article{lynch2000,
  title={The evolutionary fate and consequences of duplicate genes},
  author={Lynch, Michael and Conery, John S},
  journal={Science},
  volume={290},
  number={5494},
  pages={1151--1155},
  year={2000},
  publisher={American Association for the Advancement of Science}
}
@article{jin2016,
  title={PlantTFDB 4.0: toward a central hub for transcription factors and regulatory interactions in plants},
  author={Jin, Jinpu and Tian, Feng and Yang, De-Chang and Meng, Yu-Qi and Kong, Lei and Luo, Jingchu and Gao, Ge},
  journal={Nucleic Acids Research},
  pages={gkw982},
  year={2016},
  publisher={Oxford University Press}
}
@article{berman2002,
  title={Exploiting transcription factor binding site clustering to identify cis-regulatory modules involved in pattern formation in the Drosophila genome},
  author={Berman, Benjamin P and Nibu, Yutaka and Pfeiffer, Barret D and Tomancak, Pavel and Celniker, Susan E and Levine, Michael and Rubin, Gerald M and Eisen, Michael B},
  journal={Proceedings of the National Academy of Sciences},
  volume={99},
  number={2},
  pages={757--762},
  year={2002},
  publisher={National Acad Sciences}
}

@article{dong2019,
  title={Proteome-wide, structure-based prediction of protein-protein interactions/new molecular interactions viewer},
  author={Dong, Shaowei and Lau, Vincent and Song, Richard and Ierullo, Matthew and Esteban, Eddi and Wu, Yingzhou and Sivieng, Teeratham and Nahal, Hardeep and Gaudinier, Allison and Pasha, Asher and others},
  journal={Plant Physiology},
  volume={179},
  number={4},
  pages={1893--1907},
  year={2019},
  publisher={Am Soc Plant Biol}
}

@article{langham2004,
title={Genomic duplication, fractionation and the origin of regulatory novelty},
author={Langham, Richard J and Walsh, Justine and Dunn, Molly and Ko, Cynthia and Goff, Stephen A and Freeling, Michael},
journal={Genetics},
volume={166},
number={2},
pages={935--945},
year={2004},
publisher={Genetics Soc America}
}

@article{schnable2011,
title={Differentiation of the maize subgenomes by genome dominance and both ancient and ongoing gene loss},
author={Schnable, James C and Springer, Nathan M and Freeling, Michael},
journal={Proceedings of the National Academy of Sciences},
volume={108},
number={10},
pages={4069--4074},
year={2011},
publisher={National Acad Sciences}
}
@article{birchler2012,
title={Gene balance hypothesis: connecting issues of dosage sensitivity across biological disciplines},
author={Birchler, James A and Veitia, Reiner A},
journal={Proceedings of the National Academy of Sciences},
volume={109},
number={37},
pages={14746--14753},
year={2012},
publisher={National Acad Sciences}
}
@article{hou2018,
title={Global impacts of chromosomal imbalance on gene expression in Arabidopsis and other taxa},
author={Hou, Jie and Shi, Xiaowen and Chen, Chen and Islam, Md Soliman and Johnson, Adam F and Kanno, Tatsuo and Huettel, Bruno and Yen, Ming-Ren and Hsu, Fei-Man and Ji, Tieming and others},
journal={Proceedings of the National Academy of Sciences},
volume={115},
number={48},
pages={E11321--E11330},
year={2018},
publisher={National Acad Sciences}
}
@article{veitia2015,
title={Gene dosage imbalances: action, reaction, and models},
author={Veitia, Reiner A and Potier, Marie Claude},
journal={Trends in Biochemical Sciences},
volume={40},
number={6},
pages={309--317},
year={2015},
publisher={Elsevier}
}
@article{konrad2018,
title={Mutational and transcriptional landscape of spontaneous gene duplications and deletions in Caenorhabditis elegans},
author={Konrad, Anke and Flibotte, Stephane and Taylor, Jon and Waterston, Robert H and Moerman, Donald G and Bergthorsson, Ulfar and Katju, Vaishali},
journal={Proceedings of the National Academy of Sciences},
volume={115},
number={28},
pages={7386--7391},
year={2018},
publisher={National Acad Sciences}
}
@incollection{lynch2003a,
  title={The evolutionary demography of duplicate genes},
  author={Lynch, Michael and Conery, John S},
  booktitle={Genome Evolution},
  pages={35--44},
  year={2003},
  publisher={Springer}
}
@article{lynch2003b,
  title={The origins of genome complexity},
  author={Lynch, Michael and Conery, John S},
  journal={Science},
  volume={302},
  number={5649},
  pages={1401--1404},
  year={2003},
  publisher={American Association for the Advancement of Science}
}
@article{doyle2019,
  title={Polyploidy, the Nucleotype, and Novelty: The Impact of Genome Doubling on the Biology of the Cell},
  author={Doyle, Jeff J and Coate, Jeremy E},
  journal={International Journal of Plant Sciences},
  volume={180},
  number={1},
  pages={1--52},
  year={2019},
  publisher={University of Chicago Press Chicago, IL}
}
@article{spoelhof2017,
  title={Pure polyploidy: closing the gaps in autopolyploid research},
  author={Spoelhof, Jonathan P and Soltis, Pamela S and Soltis, Douglas E},
  journal={Journal of Systematics and Evolution},
  volume={55},
  number={4},
  pages={340--352},
  year={2017},
  publisher={Wiley Online Library}
}
@article{ravi2010,
  title={Haploid plants produced by centromere-mediated genome elimination},
  author={Ravi, Maruthachalam and Chan, Simon WL},
  journal={Nature},
  volume={464},
  number={7288},
  pages={615},
  year={2010},
  publisher={Nature Publishing Group}
}
@article{arumuganathan1991,
  title={Nuclear DNA content of some important plant species},
  author={Arumuganathan, Ka and Earle, ED},
  journal={Plant Molecular Biology Reporter},
  volume={9},
  number={3},
  pages={208--218},
  year={1991},
  publisher={Springer}
}
@article{bolger2014,
  title={Trimmomatic: a flexible trimmer for Illumina sequence data},
  author={Bolger, Anthony M and Lohse, Marc and Usadel, Bjoern},
  journal={Bioinformatics},
  volume={30},
  number={15},
  pages={2114--2120},
  year={2014},
  publisher={Oxford University Press}
}
@article{pertea2016,
  title={Transcript-level expression analysis of RNA-seq experiments with HISAT, StringTie and Ballgown},
  author={Pertea, Mihaela and Kim, Daehwan and Pertea, Geo M and Leek, Jeffrey T and Salzberg, Steven L},
  journal={Nature Protocols},
  volume={11},
  number={9},
  pages={1650},
  year={2016},
  publisher={Nature Publishing Group}
}
@article{anders2015,
  title={HTSeq-a Python framework to work with high-throughput sequencing data},
  author={Anders, Simon and Pyl, Paul Theodor and Huber, Wolfgang},
  journal={Bioinformatics},
  volume={31},
  number={2},
  pages={166--169},
  year={2015},
  publisher={Oxford University Press}
}
@article{love2014,
  title={Moderated estimation of fold change and dispersion for RNA-seq data with DESeq2},
  author={Love, Michael I and Huber, Wolfgang and Anders, Simon},
  journal={Genome Biology},
  volume={15},
  number={12},
  pages={550},
  year={2014},
  publisher={BioMed Central}
}
@article{cannon2004,
  title={The roles of segmental and tandem gene duplication in the evolution of large gene families in Arabidopsis thaliana},
  author={Cannon, Steven B and Mitra, Arvind and Baumgarten, Andrew and Young, Nevin D and May, Georgiana},
  journal={BMC Plant Biology},
  volume={4},
  number={1},
  pages={10},
  year={2004},
  publisher={BioMed Central}
}
@article{coate2010,
  title={Quantifying whole transcriptome size, a prerequisite for understanding transcriptome evolution across species: an example from a plant allopolyploid},
  author={Coate, Jeremy E and Doyle, Jeff J},
  journal={Genome Biology and Evolution},
  volume={2},
  pages={534--546},
  year={2010},
  publisher={Oxford University Press}
}
@article{robinson2018,
  title={Ploidy and size at multiple scales in the Arabidopsis sepal},
  author={Robinson, Dana O and Coate, Jeremy E and Singh, Abhyudai and Hong, Lilan and Bush, Max and Doyle, Jeff J and Roeder, Adrienne HK},
  journal={The Plant Cell},
  volume={30},
  number={10},
  pages={2308--2329},
  year={2018},
  publisher={Am Soc Plant Biol}
}
@article{visger2019,
  title={Divergent gene expression levels between diploid and autotetraploid Tolmiea relative to the total transcriptome, the cell, and biomass},
  author={Visger, Clayton J and Wong, Gane K-S and Zhang, Yong and Soltis, Pamela S and Soltis, Douglas E},
  journal={American Journal of Botany},
  volume={106},
  number={2},
  pages={280--291},
  year={2019},
  publisher={Wiley Online Library}
}

@article{katju2018,
  title={Old trade, new tricks: insights into the spontaneous mutation process from the partnering of classical mutation accumulation experiments with high-throughput genomic approaches},
  author={Katju, Vaishali and Bergthorsson, Ulfar},
  journal={Genome Biology and Evolution},
  volume={11},
  number={1},
  pages={136--165},
  year={2018},
  publisher={Oxford University Press}
}
@article{qian2010,
  title={Maintenance of duplicate genes and their functional redundancy by reduced expression},
  author={Qian, Wenfeng and Liao, Ben-Yang and Chang, Andrew Ying-Fei and Zhang, Jianzhi},
  journal={Trends in Genetics},
  volume={26},
  number={10},
  pages={425--430},
  year={2010},
  publisher={Elsevier}
}
@article{papp2003,
  title={Dosage sensitivity and the evolution of gene families in yeast},
  author={Papp, Balazs and Pal, Csaba and Hurst, Laurence D},
  journal={Nature},
  volume={424},
  number={6945},
  pages={194},
  year={2003},
  publisher={Nature Publishing Group}
}
@article{edger2018,
  title={Brassicales phylogeny inferred from 72 plastid genes: A reanalysis of the phylogenetic localization of two paleopolyploid events and origin of novel chemical defenses},
  author={Edger, Patrick P and Hall, Jocelyn C and Harkess, Alex and Tang, Michelle and Coombs, Jill and Mohammadin, Setareh and Schranz, M Eric and Xiong, Zhiyong and Leebens-Mack, James and Meyers, Blake C and others},
  journal={American Journal of Botany},
  volume={105},
  number={3},
  pages={463--469},
  year={2018},
  publisher={Wiley Online Library}
}
@article{panchy2016,
  title={Evolution of gene duplication in plants},
  author={Panchy, Nicholas and Lehti-Shiu, Melissa and Shiu, Shin-Han},
  journal={Plant Physiology},
  volume={171},
  number={4},
  pages={2294--2316},
  year={2016},
  publisher={Am Soc Plant Biol}
}
@article{conant2014,
  title={Dosage, duplication, and diploidization: clarifying the interplay of multiple models for duplicate gene evolution over time},
  author={Conant, Gavin C and Birchler, James A and Pires, J Chris},
  journal={Current Opinion in Plant Biology},
  volume={19},
  pages={91--98},
  year={2014},
  publisher={Elsevier}
}
@article{edger2009,
  title={Gene and genome duplications: the impact of dosage-sensitivity on the fate of nuclear genes},
  author={Edger, Patrick P and Pires, J Chris},
  journal={Chromosome Research},
  volume={17},
  number={5},
  pages={699},
  year={2009},
  publisher={Springer}
}
@article{lu2016,
  title={Experimental evolution reveals interplay between Sch9 and polyploid stability in yeast},
  author={Lu, Yi-Jin and Swamy, Krishna BS and Leu, Jun-Yi},
  journal={PLoS Genetics},
  volume={12},
  number={11},
  pages={e1006409},
  year={2016},
  publisher={Public Library of Science}
}
@article{hebert2014,
  title={The intrinsic and extrinsic effects of N-linked glycans on glycoproteostasis},
  author={Hebert, Daniel N and Lamriben, Lydia and Powers, Evan T and Kelly, Jeffery W},
  journal={Nature Chemical Biology},
  volume={10},
  number={11},
  pages={902},
  year={2014},
  publisher={Nature Publishing Group}
}
@article{liu2017,
  title={Prominent topologically associated domains differentiate global chromatin packing in rice from Arabidopsis},
  author={Liu, Chang and Cheng, Ying-Juan and Wang, Jia-Wei and Weigel, Detlef},
  journal={Nature plants},
  volume={3},
  number={9},
  pages={742},
  year={2017},
  publisher={Nature Publishing Group}
}
@article{zhang2015,
  title={Autotetraploid rice methylome analysis reveals methylation variation of transposable elements and their effects on gene expression},
  author={Zhang, Jie and Liu, Yuan and Xia, En-Hua and Yao, Qiu-Yang and Liu, Xiang-Dong and Gao, Li-Zhi},
  journal={Proceedings of the National Academy of Sciences},
  volume={112},
  number={50},
  pages={E7022--E7029},
  year={2015},
  publisher={National Acad Sciences}
}
@article{defoort2019,
  title={The evolution of gene duplicates in angiosperms and the impact of protein-protein interactions and the mechanism of duplication},
  author={Defoort, Jonas and Van de Peer, Yves and Carretero-Paulet, Lorenzo},
  journal={Genome Biology and Evolution},
  year={2019}
}
@article{xie2019,
author = {Xie, Ting and Zhang, Fu-Gui and Zhang, Hong-Yu and Wang, Xiao-Tao and Hu, Ji-Hong and Wu, Xiao-Ming},
title = {{Biased gene retention during diploidization in Brassica linked to three-dimensional genome organization}},
journal = {Nature Plants},
year = {2019},
volume = {5},
number = {8},
pages = {822--832}
}
@article{defoort2019,
  title={The evolution of gene duplicates in angiosperms and the impact of protein-protein interactions and the mechanism of duplication},
  author={Defoort, Jonas and Van de Peer, Yves and Carretero-Paulet, Lorenzo},
  journal={Genome Biology and Evolution},
  year={2019}
}
@article{barker2009,
  title={Paleopolyploidy in the Brassicales: analyses of the Cleome transcriptome elucidate the history of genome duplications in Arabidopsis and other Brassicales},
  author={Barker, Michael S and Vogel, Heiko and Schranz, M Eric},
  journal={Genome Biology and Evolution},
  volume={1},
  pages={391--399},
  year={2009},
  publisher={Oxford University Press}
}
@article{coate2011,
  title={Divergent evolutionary fates of major photosynthetic gene networks following gene and whole genome duplications},
  author={Coate, Jeremy E and Doyle, Jeff J},
  journal={Plant Signaling \& Behavior},
  volume={6},
  number={4},
  pages={594--597},
  year={2011},
  publisher={Taylor \& Francis}
}
@article{guo1996,
  title={Dosage effects on gene expression in a maize ploidy series},
  author={Guo, Mei and Davis, Doug and Birchler, James A},
  journal={Genetics},
  volume={142},
  number={4},
  pages={1349--1355},
  year={1996},
  publisher={Genetics Soc America}
}
@article{pirrello2018,
  title={Transcriptome profiling of sorted endoreduplicated nuclei from tomato fruits: how the global shift in expression ascribed to DNA ploidy influences RNA-Seq data normalization and interpretation},
  author={Pirrello, Julien and Deluche, Cynthia and Frangne, Nathalie and Gevaudant, Frederic and Maza, Elie and Djari, Anis and Bourge, Mickael and Renaudin, Jean-Pierre and Brown, Spencer and Bowler, Chris and others},
  journal={The Plant Journal},
  volume={93},
  number={2},
  pages={387--398},
  year={2018},
  publisher={Wiley Online Library}
}
@article{riddle2006,
  title={Genetic variation for the response to ploidy change in Zea mays L.},
  author={Riddle, Nicole C and Kato, Akio and Birchler, James A},
  journal={Theoretical and Applied Genetics},
  volume={114},
  number={1},
  pages={101--111},
  year={2006},
  publisher={Springer}
}
@article{rogers2017,
  title={Tandem duplications lead to novel expression patterns through exon shuffling in Drosophila yakuba},
  author={Rogers, Rebekah L and Shao, Ling and Thornton, Kevin R},
  journal={PLoS Genetics},
  volume={13},
  number={5},
  pages={e1006795},
  year={2017},
  publisher={Public Library of Science}
}
@article{rodgers2012,
  title={Contrasting patterns of evolution following whole genome versus tandem duplication events in Populus},
  author={Rodgers-Melnick, Eli and Mane, Shrinivasrao P and Dharmawardhana, Palitha and Slavov, Gancho T and Crasta, Oswald R and Strauss, Steven H and Brunner, Amy M and DiFazio, Stephen P},
  journal={Genome Research},
  volume={22},
  number={1},
  pages={95--105},
  year={2012},
  publisher={Cold Spring Harbor Lab}
}
@article{springer2010,
  title={A general lack of compensation for gene dosage in yeast},
  author={Springer, Michael and Weissman, Jonathan S and Kirschner, Marc W},
  journal={Molecular Systems Biology},
  volume={6},
  number={1},
  pages={368},
  year={2010},
  publisher={John Wiley \& Sons, Ltd Chichester, UK}
}
@article{stupar2007,
  title={Phenotypic and transcriptomic changes associated with potato autopolyploidization},
  author={Stupar, Robert M and Bhaskar, Pudota B and Yandell, Brian S and Rensink, Willem A and Hart, Amy L and Ouyang, Shu and Veilleux, Richard E and Busse, James S and Erhardt, Robert J and Buell, C Robin and others},
  journal={Genetics},
  volume={176},
  number={4},
  pages={2055--2067},
  year={2007},
  publisher={Genetics Soc America}
}
@article{sun2019,
  title={The Nuclear Pore Complex in Cell Type-Specific Chromatin Structure and Gene Regulation},
  author={Sun, Jiayu and Shi, Yuming and Yildirim, Eda},
  journal={Trends in Genetics},
  year={2019},
  publisher={Elsevier}
}
@article{zhou2011,
  title={Copy-number variation: the balance between gene dosage and expression in Drosophila melanogaster},
  author={Zhou, Jun and Lemos, Bernardo and Dopman, Erik B and Hartl, Daniel L},
  journal={Genome Biology and Evolution},
  volume={3},
  pages={1014--1024},
  year={2011},
  publisher={Oxford University Press}
}
@article{wang2015,
  title={Genome-wide analysis of local chromatin packing in Arabidopsis thaliana},
  author={Wang, Congmao and Liu, Chang and Roqueiro, Damian and Grimm, Dominik and Schwab, Rebecca and Becker, Claude and Lanz, Christa and Weigel, Detlef},
  journal={Genome Research},
  volume={25},
  number={2},
  pages={246--256},
  year={2015},
  publisher={Cold Spring Harbor Lab}
}
@article{schnable2012,
  title={Escape from preferential retention following repeated whole genome duplications in plants},
  author={Schnable, James C and Wang, Xiaowu and Pires, J Chris and Freeling, Michael},
  journal={Frontiers in Plant Science},
  volume={3},
  pages={94},
  year={2012},
  publisher={Frontiers}
}
@article{hakes2007,
  title={All duplicates are not equal: the difference between small-scale and genome duplication},
  author={Hakes, Luke and Pinney, John W and Lovell, Simon C and Oliver, Stephen G and Robertson, David L},
  journal={Genome Biology},
  volume={8},
  number={10},
  pages={R209},
  year={2007},
  publisher={BioMed Central}
}
@article{qiao2018,
  title={Different modes of gene duplication show divergent evolutionary patterns and contribute differently to the expansion of gene families involved in important fruit traits in pear (Pyrus bretschneideri)},
  author={Qiao, Xin and Yin, Hao and Li, Leiting and Wang, Runze and Wu, Juyou and Wu, Jun and Zhang, Shaoling},
  journal={Frontiers in Plant Science},
  volume={9},
  pages={161},
  year={2018},
  publisher={Frontiers}
}
@article{wang2011,
  title={Modes of gene duplication contribute differently to genetic novelty and redundancy, but show parallels across divergent angiosperms},
  author={Wang, Yupeng and Wang, Xiyin and Tang, Haibao and Tan, Xu and Ficklin, Stephen P and Feltus, F Alex and Paterson, Andrew H},
  journal={PloS One},
  volume={6},
  number={12},
  pages={e28150},
  year={2011},
  publisher={Public Library of Science}
}
@article{grob2014,
  title={Hi-C analysis in Arabidopsis identifies the KNOT, a structure with similarities to the flamenco locus of Drosophila},
  author={Grob, Stefan and Schmid, Marc W and Grossniklaus, Ueli},
  journal={Molecular Cell},
  volume={55},
  number={5},
  pages={678--693},
  year={2014},
  publisher={Elsevier}
}
@article{grob2017,
  title={Chromosome conformation capture-based studies reveal novel features of plant nuclear architecture},
  author={Grob, Stefan and Grossniklaus, Ueli},
  journal={Current Opinion in Plant Biology},
  volume={36},
  pages={149--157},
  year={2017},
  publisher={Elsevier}
}









